@BOOK{ulasiewicz2007,
  title = {Systemy czasu rzeczywistego QNX6 Neutrino},
  publisher = {BTC, Warszawa},
  year = {2007},
  author = {J. Ułasiewicz},
}

@BOOK{sacha2001,
  title = {Laboratorium systemu QNX},
  publisher = {Oficyna Wydawnicza Politechniki Warszawskiej},
  year = {2001},
  author = {K. Sacha},
}

@BOOK{sacha1999,
  title = {Projektowanie oprogramowania systemów sterujących},
  publisher = {Oficyna Wydawnicza Politechniki Warszawskiej},
  year = {1999},
  author = {K. Sacha},
}

@BOOK{laplante2004,
  title = {Real-Time Systems Design and Analysis},
  publisher = {IEEE Press, Wiley-Interscience},
  year = {2004},
  author = {P. Laplante},
}

@BOOK{kernigham2000,
  title = {Język ANSI C},
  publisher = {WNT},
  year = {2004},
  author = {B. Kernigham and D. Ritchie},
}

@BOOK{Butenhof1997,
  title = {Programming with POSIX Threads},
  publisher = {Addison-Wesley},
  year = {1997},
  author = {D. Butenhof},
}

@BOOK{qnx,
  title = {QNX Documentation Library – podręczniki System Architecture, User’s Guide, Getting Started with QNX Neutrino, Programmers Guide dostępne na stronie www.qnx.com},
  publisher = {QNX},
  author = {QNX},
}

@BOOK{Gough2005,
  title = {An Introduction to GCC},
  publisher = {Addison-Wesley},
  year = {2005},
  author = {B. Gough},
}

@BOOK{Ben2009,
  title = {Podstawy programowania współbieżnego i rozproszonego},
  publisher = {WNT},
  year = {2009},
  author = {M. Ben-Ari},
}

@BOOK{Stones2009,
  title = {Beginning Linux Programming},
  publisher = {Wros Press},
  year = {2001},
  author = {R. Stones and N. Matthew},
}

@BOOK{Mitchel2001,
  title = {Advanced Linux Programming},
  publisher = {New Riders Publishing},
  year = {2001},
  author = {M. Mitchel and J. Oldham and A. Samuel},
}

@BOOK{Grama2003,
  title = {Introduction to Parallel Computing},
  publisher = {Addison Wesley},
  year = {2003},
  author = {A. Grama and A. Gupta and G. Karypis and V. Kumar},
}

@BOOK{Haviland1999,
  title = {Unix Programowanie systemowe},
  publisher = {Wydawnictwo RM},
  year = {1999},
  author = {K. Haviland and D. Gray and B. Salama},
}



