@book{oledzki:1987:podstawy,
  Author = {Olędzki, Andrzej},
  Title = {Podstawy teorii maszyn i mechanizmów},
  Publisher = {Wydawnictwa Naukowo-Techniczne},
  Year = {1987},
  ISBN = {83-204-0769-9},
}
@book{oderfeld:1962:wstep,
  Author = {Oderfeld, Jan},
  Title = {Wstęp do mechanicznej teorii maszyn},
  Publisher = {Wydawnictwa Naukowo-Techniczne},
  Year = {1962}
}
@article{oderfeld:1958:opewnym,
  Author = {Oderfeld, Jan},
  Title = {O pewnym zastosowaniu rachunku wyrównawczego do kinematyki mechanizmów},
  Journal = {Zastosowania Matematyki},
  Volume = {IV},
  Issue = {2},
  Pages = {176-195},
  Year = {1958}
}
@article{savitzky&golay:1964:smoothing,
  Author = {Savitzky, Abraham and Golay, Marcel J. E},
  Title = {Smoothing and Differentiation of Data by Simplified Least Squares Procedures},
  Journal = {Analytical Chemistry},
  Volume = {36},
  Issue = {8},
  Year = {1964},
  DOI = {10.1021/ac60214a047},
  URL = {https://dx.doi.org/10.1021%2Fac60214a047}
}
@book{orfanidis:2010:introduction,
  Author = {Orfanidis, Sophocles J.},
  Title = {Introduction to Signal Processing},
  Year = {2010},
  Url = {http://www.ece.rutgers.edu/~orfanidi/intro2sp}
}
@book{taylor:1995:wstep,
  title={Wst{\k{e}}p do analizy b{\l}{\k{e}}du pomiarowego},
  author={Taylor, John R.},
  translator={Babi{\'n}ski, Adam and Bo{\.z}ek, Rafał},
  isbn={83-01-11820-2},
  year={1995},
  address={Warszawa},
  publisher={Wydawnictwo Naukowe PWN}
}
@book{asher&petzold:1998:computer-methods,
  title={Computer Methods for Ordinary Differential Equations and Differential-Algebraic Equations},
  author={Ascher, Uri M. and Petzold, Linda R.},
  isbn={0-89871-412-5},
  year={1998},
  address={Philadelphia},
  publisher={SIAM}
}
