@book{smith.kowalski:running,
  Author = {Smith, John and Kowalski, Jan},
  Title = {Running: Are the feet necessary},
  Publisher = {The Ministry of Silly Walks},
  Year = {2005},
}
